@Article{VerticalMami, 
title = {Vertical Beam Polarization at MAMI},
journal = {Nuclear Instruments and Methods in Physics Research A},
volume = {850},
year = {2017},
OPTpages = {54-60}
}
